security/papers 1
@article{s1Zamosky2014,
	author = {Zamosky, Lisa},
	title = {{Avoid the breach: put data security measures in place.}},
	journal = {Physician Exec},
	year = {2014},
	volume = {40},
	number = {4},
	pages = {82--4},
	pmid = {25188982}
}
security/papers 2
@article{s2Perakslis2014,
	author = {Perakslis, Eric D},
	title = {{Cybersecurity in health care.}},
	journal = {N. Engl. J. Med.},
	year = {2014},
	month = {7},
	volume = {371},
	number = {5},
	pages = {395--7},
	doi = {10.1056/NEJMp1404358},
	pmid = {25075831}
}
security/papers 3
@article{s3Herveg2014,
	author = {Herveg, Jean},
	title = {{Data protection and the patient's right to safety.}},
	journal = {Eur J Health Law},
	year = {2014},
	month = {6},
	volume = {21},
	number = {3},
	pages = {260--70},
	pmid = {25065033}
}
security/papers 4
@article{s4Layman2008,
	author = {Layman, Elizabeth J},
	title = {{Ethical issues and the electronic health record.}},
	journal = {Health Care Manag (Frederick)},
	year = {2008},
	volume = {27},
	number = {2},
	pages = {165--76},
	doi = {10.1097/01.HCM.0000285044.19666.a8},
	pmid = {18475119}
}
security/papers 5
@article{s5Sanderson2004,
	author = {Sanderson, Hugh and Adams, Trina and Budden, Martin and Hoare, Chris},
	title = {{Lessons from the central Hampshire electronic health record pilot project: evaluation of the electronic health record for supporting patient care and secondary analysis.}},
	journal = {BMJ},
	year = {2004},
	month = {4},
	volume = {328},
	number = {7444},
	pages = {875--8},
	doi = {10.1136/bmj.328.7444.875},
	pmid = {15073071}
}
security/papers 6
@article{s6West2009,
	author = {West, Suzanne L and Blake, Catherine and Zhiwen Liu, J Nikki and McKoy, Maryann D and Oertel, Timothy S},
	title = {{Reflections on the use of electronic health record data for clinical research.}},
	journal = {Health Informatics J},
	year = {2009},
	month = {6},
	volume = {15},
	number = {2},
	pages = {108--21},
	doi = {10.1177/1460458209102972},
	pmid = {19474224}
}
security/papers 7
@article{s7Kluge2007,
	author = {Kluge, Eike-Henner W},
	title = {{Secure e-Health: managing risks to patient health data.}},
	journal = {Int J Med Inform},
	year = {2007},
	volume = {76},
	number = {5-6},
	pages = {402--6},
	doi = {10.1016/j.ijmedinf.2006.09.003},
	pmid = {17084665}
}
security/papers 8
@article{s8FernandezAleman2013,
	author = {Fern\'{a}ndez-Alem\'{a}n, Jos\'{e} Luis and Se\~{n}or, Inmaculada Carri\'{o}n and Lozoya, Pedro \'{A}ngel Oliver and Toval, Ambrosio},
	title = {{Security and privacy in electronic health records: a systematic literature review.}},
	journal = {J Biomed Inform},
	year = {2013},
	month = {6},
	volume = {46},
	number = {3},
	pages = {541--62},
	doi = {10.1016/j.jbi.2012.12.003},
	pmid = {23305810}
}
security/papers 9
@inproceedings{s9Asija2014,
	title={Data model to enhance the security and privacy of healthcare data},
	author={Asija, Ruchika and Nallusamy, Rajarathnam},
	booktitle={Global Humanitarian Technology Conference-South Asia Satellite (GHTC-SAS), 2014 IEEE},
	pages={237--244},
	year={2014},
	organization={IEEE}
}
security/papers 10
@inproceedings{s10Ferreira2014,
	title={Medical data mining: A case study of a Paracoccidioidomycosis patient's database},
	author={Ferreira, Eduardo Liboredo and Rausch, Herbert and Campos, Sergio and Faria-Campos, Alessandra and Pietra, Enio and da Silva Santos, Lilian},
	booktitle={e-Health Networking, Applications and Services (Healthcom), 2014 IEEE 16th International Conference on},
	pages={275--280},
	year={2014},
	organization={IEEE}
}
security/papers 11
@inproceedings{s11Rauscher2014,
	title={A network security architecture to reduce the risk of data leakage for health care organizations},
	author={Rauscher, Richard and Acharya, Raj},
	booktitle={e-Health Networking, Applications and Services (Healthcom), 2014 IEEE 16th International Conference on},
	pages={231--236},
	year={2014},
	organization={IEEE}
}
security/papers 12
@inproceedings{s12Xue2014,
	title={Research on Privacy Preservation of Patient as Main Body in Personal Health Information System},
	author={Xue, Yan},
	booktitle={Intelligent Human-Machine Systems and Cybernetics (IHMSC), 2014 Sixth International Conference on},
	volume={2},
	pages={226--229},
	year={2014},
	organization={IEEE}
}
security/papers 13
@inproceedings{s13Patil2014,
	title={Big data security and privacy issues in healthcare},
	author={Patil, Harsh Kupwade and Seshadri, Ravi},
	booktitle={Big Data (BigData Congress), 2014 IEEE International Congress on},
	pages={762--765},
	year={2014},
	organization={IEEE}
}
security/papers 14
@inproceedings{s14Sadki2014,
	title={Towards controlled-privacy in e-health: A comparative study},
	author={Sadki, Souad and El Bakkali, Hanan},
	booktitle={Multimedia Computing and Systems (ICMCS), 2014 International Conference on},
	pages={674--679},
	year={2014},
	organization={IEEE}
}
security/papers 15
@article{s15Fenz2014,
	title={De-identification of unstructured paper-based health records for privacy-preserving secondary use},
	author={Fenz, Stefan and Heurix, Johannes and Neubauer, Thomas and Rella, Antonio},
	journal={Journal of medical engineering \& technology},
	volume={38},
	number={5},
	pages={260--268},
	year={2014},
	publisher={Informa UK Ltd. London}
}
security/papers 16
@article{s16Ma2013,
	title={Security and privacy issues in electronic health network},
	author={Ma, Yan and Liu, Jianwei and Liu, Weiran},
	journal={Wuhan University Journal of Natural Sciences},
	volume={18},
	number={6},
	pages={523--529},
	year={2013},
	publisher={Springer}
}
security/papers 17
@inproceedings{s17Dehling2014,
	title={Information Security and Privacy of Patient-Centered Health IT Services: What Needs to Be Done?},
	author={Dehling, Tobias and Sunyaev, Ali},
	booktitle={System Sciences (HICSS), 2014 47th Hawaii International Conference on},
	pages={2984--2993},
	year={2014},
	organization={IEEE}
}
security/papers 18
@article{s18Kum2014,
	title={Privacy preserving interactive record linkage (PPIRL)},
	author={Kum, Hye-Chung and Krishnamurthy, Ashok and Machanavajjhala, Ashwin and Reiter, Michael K and Ahalt, Stanley},
	journal={Journal of the American Medical Informatics Association},
	volume={21},
	number={2},
	pages={212--220},
	year={2014},
	publisher={BMJ Publishing Group Ltd}
}
security/papers 19
@article{s19Mouw2012,
	title={Data Protection and Privacy in eScience},
	author={Mouw, Evert},
	year={2012}
}
security/papers 20
@article{s20Groves2013,
	title={The ‘big data’revolution in healthcare},
	author={Groves, Peter and Kayyali, Basel and Knott, David and Van Kuiken, Steve},
	journal={McKinsey Quarterly},
	year={2013}
}